
<srw:record>
<srw:recordSchema>marcxchange</srw:recordSchema>
<srw:recordPacking>xml</srw:recordPacking>
<srw:recordData>
<mxc:record xmlns:mxc="info:lc/xmlns/marcxchange-v2" format="UNIMARC" id="ark:/12148/cb47053740c" type="Bibliographic">
<mxc:leader>     cam  22        450 </mxc:leader>
<mxc:controlfield tag="001">FRBNF470537400000002</mxc:controlfield>
<mxc:controlfield tag="003">http://catalogue.bnf.fr/ark:/12148/cb47053740c</mxc:controlfield>
<mxc:datafield tag="010" ind1=" " ind2=" ">
<mxc:subfield code="a">978-2-247-21744-1</mxc:subfield>
<mxc:subfield code="b">br.</mxc:subfield>
<mxc:subfield code="d">16,50 EUR</mxc:subfield>
</mxc:datafield>
<mxc:datafield tag="020" ind1=" " ind2=" ">
<mxc:subfield code="a">FR</mxc:subfield>
<mxc:subfield code="b">02238833</mxc:subfield>
</mxc:datafield>
<mxc:datafield tag="073" ind1=" " ind2="0">
<mxc:subfield code="a">9782247217441</mxc:subfield>
</mxc:datafield>
<mxc:datafield tag="100" ind1=" " ind2=" ">
<mxc:subfield code="a">20220628d2022    k  y0frey50      ba</mxc:subfield>
</mxc:datafield>
<mxc:datafield tag="101" ind1="0" ind2=" ">
<mxc:subfield code="a">fre</mxc:subfield>
</mxc:datafield>
<mxc:datafield tag="102" ind1=" " ind2=" ">
<mxc:subfield code="a">FR</mxc:subfield>
</mxc:datafield>
<mxc:datafield tag="105" ind1=" " ind2=" ">
<mxc:subfield code="a">||||j   00|y|</mxc:subfield>
</mxc:datafield>
<mxc:datafield tag="106" ind1=" " ind2=" ">
<mxc:subfield code="a">r</mxc:subfield>
</mxc:datafield>
<mxc:datafield tag="181" ind1=" " ind2="0">
<mxc:subfield code="6">01</mxc:subfield>
<mxc:subfield code="a">i </mxc:subfield>
<mxc:subfield code="b">xxxe  </mxc:subfield>
</mxc:datafield>
<mxc:datafield tag="181" ind1=" " ind2=" ">
<mxc:subfield code="6">02</mxc:subfield>
<mxc:subfield code="c">txt</mxc:subfield>
<mxc:subfield code="2">rdacontent</mxc:subfield>
</mxc:datafield>
<mxc:datafield tag="182" ind1=" " ind2="0">
<mxc:subfield code="6">01</mxc:subfield>
<mxc:subfield code="a">n</mxc:subfield>
</mxc:datafield>
<mxc:datafield tag="182" ind1=" " ind2=" ">
<mxc:subfield code="6">02</mxc:subfield>
<mxc:subfield code="c">n</mxc:subfield>
<mxc:subfield code="2">rdamedia</mxc:subfield>
</mxc:datafield>
<mxc:datafield tag="200" ind1="1" ind2=" ">
<mxc:subfield code="a">Droit administratif général</mxc:subfield>
<mxc:subfield code="b">Texte imprimé</mxc:subfield>
<mxc:subfield code="f">Pascale Gonod,...</mxc:subfield>
</mxc:datafield>
<mxc:datafield tag="205" ind1=" " ind2=" ">
<mxc:subfield code="a">3e éd.</mxc:subfield>
</mxc:datafield>
<mxc:datafield tag="214" ind1=" " ind2="0">
<mxc:subfield code="a">Paris</mxc:subfield>
<mxc:subfield code="c">Dalloz</mxc:subfield>
<mxc:subfield code="d">2022</mxc:subfield>
</mxc:datafield>
<mxc:datafield tag="214" ind1=" " ind2="3">
<mxc:subfield code="a">42-Saint-Just-la-Pendue</mxc:subfield>
<mxc:subfield code="c">Impr. Chirat</mxc:subfield>
</mxc:datafield>
<mxc:datafield tag="215" ind1=" " ind2=" ">
<mxc:subfield code="a">1 vol. (X-198 p.)</mxc:subfield>
<mxc:subfield code="c">ill.</mxc:subfield>
<mxc:subfield code="d">24 cm</mxc:subfield>
</mxc:datafield>
<mxc:datafield tag="225" ind1="|" ind2=" ">
<mxc:subfield code="a">Les mémentos Dalloz</mxc:subfield>
<mxc:subfield code="e">L</mxc:subfield>
<mxc:subfield code="i">Série Droit public</mxc:subfield>
</mxc:datafield>
<mxc:datafield tag="300" ind1=" " ind2=" ">
<mxc:subfield code="a">Bibliogr., p. 1. Notes bibliogr. Index</mxc:subfield>
</mxc:datafield>
<mxc:datafield tag="410" ind1=" " ind2="0">
<mxc:subfield code="0">34286683</mxc:subfield>
<mxc:subfield code="t">Mémentos Dalloz. Série Droit public</mxc:subfield>
<mxc:subfield code="x">1264-0654</mxc:subfield>
<mxc:subfield code="d">2022</mxc:subfield>
</mxc:datafield>
<mxc:datafield tag="410" ind1=" " ind2="0">
<mxc:subfield code="0">34234567</mxc:subfield>
<mxc:subfield code="t">Mémentos Dalloz</mxc:subfield>
<mxc:subfield code="x">0768-1003</mxc:subfield>
<mxc:subfield code="d">2022</mxc:subfield>
</mxc:datafield>
<mxc:datafield tag="606" ind1=" " ind2=" ">
<mxc:subfield code="3">11971936</mxc:subfield>
<mxc:subfield code="a">Droit administratif</mxc:subfield>
<mxc:subfield code="3">11931476</mxc:subfield>
<mxc:subfield code="y">France</mxc:subfield>
<mxc:subfield code="2">rameau</mxc:subfield>
</mxc:datafield>
<mxc:datafield tag="608" ind1=" " ind2=" ">
<mxc:subfield code="3">12167353</mxc:subfield>
<mxc:subfield code="a">Manuels d'enseignement supérieur</mxc:subfield>
<mxc:subfield code="2">rameau</mxc:subfield>
</mxc:datafield>
<mxc:datafield tag="676" ind1=" " ind2=" ">
<mxc:subfield code="a">342.440 6</mxc:subfield>
<mxc:subfield code="v">23</mxc:subfield>
</mxc:datafield>
<mxc:datafield tag="686" ind1=" " ind2=" ">
<mxc:subfield code="a">340</mxc:subfield>
<mxc:subfield code="2">Cadre de classement de la Bibliographie nationale française</mxc:subfield>
</mxc:datafield>
<mxc:datafield tag="700" ind1=" " ind2="|">
<mxc:subfield code="3">12571926</mxc:subfield>
<mxc:subfield code="o">ISNI0000000059585956</mxc:subfield>
<mxc:subfield code="a">Gonod</mxc:subfield>
<mxc:subfield code="b">Pascale</mxc:subfield>
<mxc:subfield code="f">1961-....</mxc:subfield>
<mxc:subfield code="4">070</mxc:subfield>
</mxc:datafield>
<mxc:datafield tag="801" ind1=" " ind2="0">
<mxc:subfield code="a">FR</mxc:subfield>
<mxc:subfield code="b">FR-751131015</mxc:subfield>
<mxc:subfield code="c">20220628</mxc:subfield>
<mxc:subfield code="g">AFNOR</mxc:subfield>
<mxc:subfield code="h">FRBNF470537400000002</mxc:subfield>
<mxc:subfield code="2">intermrc</mxc:subfield>
</mxc:datafield>
<mxc:datafield tag="930" ind1=" " ind2=" ">
<mxc:subfield code="5">FR-751131008:47053740001001</mxc:subfield>
<mxc:subfield code="a">2022-128009</mxc:subfield>
<mxc:subfield code="b">759999999</mxc:subfield>
<mxc:subfield code="c">Tolbiac - Rez de Jardin - Droit, économie, politique - Magasin</mxc:subfield>
<mxc:subfield code="d">O</mxc:subfield>
</mxc:datafield>
</mxc:record>      </srw:recordData>
<srw:recordIdentifier>ark:/12148/cb47053740c</srw:recordIdentifier>
<srw:recordPosition>2</srw:recordPosition>
<srw:extraRecordData>
<ixm:attr name="CreationDate">20220628</ixm:attr>
<ixm:attr name="LastModificationDate">20220725</ixm:attr>
<mn:score>5.36015</mn:score>
</srw:extraRecordData>
</srw:record>