
<srw:record>
<srw:recordSchema>marcxchange</srw:recordSchema>
<srw:recordPacking>xml</srw:recordPacking>
<srw:recordData>
<mxc:record xmlns:mxc="info:lc/xmlns/marcxchange-v2" format="UNIMARC" id="ark:/12148/cb47094349f" type="Bibliographic">
<mxc:leader>     cam  22        450 </mxc:leader>
<mxc:controlfield tag="001">FRBNF470943490000005</mxc:controlfield>
<mxc:controlfield tag="003">http://catalogue.bnf.fr/ark:/12148/cb47094349f</mxc:controlfield>
<mxc:datafield tag="010" ind1=" " ind2=" ">
<mxc:subfield code="a">978-2-247-21634-5</mxc:subfield>
<mxc:subfield code="b">br.</mxc:subfield>
</mxc:datafield>
<mxc:datafield tag="100" ind1=" " ind2=" ">
<mxc:subfield code="a">20220906d2022    k  y0frey50      ba</mxc:subfield>
</mxc:datafield>
<mxc:datafield tag="101" ind1="0" ind2=" ">
<mxc:subfield code="a">fre</mxc:subfield>
</mxc:datafield>
<mxc:datafield tag="102" ind1=" " ind2=" ">
<mxc:subfield code="a">FR</mxc:subfield>
</mxc:datafield>
<mxc:datafield tag="105" ind1=" " ind2=" ">
<mxc:subfield code="a">||||j   00|y|</mxc:subfield>
</mxc:datafield>
<mxc:datafield tag="106" ind1=" " ind2=" ">
<mxc:subfield code="a">r</mxc:subfield>
</mxc:datafield>
<mxc:datafield tag="181" ind1=" " ind2="0">
<mxc:subfield code="6">01</mxc:subfield>
<mxc:subfield code="a">i </mxc:subfield>
<mxc:subfield code="b">xxxe  </mxc:subfield>
</mxc:datafield>
<mxc:datafield tag="181" ind1=" " ind2=" ">
<mxc:subfield code="6">02</mxc:subfield>
<mxc:subfield code="c">txt</mxc:subfield>
<mxc:subfield code="2">rdacontent</mxc:subfield>
</mxc:datafield>
<mxc:datafield tag="182" ind1=" " ind2="0">
<mxc:subfield code="6">01</mxc:subfield>
<mxc:subfield code="a">n</mxc:subfield>
</mxc:datafield>
<mxc:datafield tag="182" ind1=" " ind2=" ">
<mxc:subfield code="6">02</mxc:subfield>
<mxc:subfield code="c">n</mxc:subfield>
<mxc:subfield code="2">rdamedia</mxc:subfield>
</mxc:datafield>
<mxc:datafield tag="200" ind1="1" ind2=" ">
<mxc:subfield code="a">Droit commercial et des affaires</mxc:subfield>
<mxc:subfield code="b">Texte imprimé</mxc:subfield>
<mxc:subfield code="f">Dominique Legeais,...</mxc:subfield>
</mxc:datafield>
<mxc:datafield tag="205" ind1=" " ind2=" ">
<mxc:subfield code="a">29e éd., 2023</mxc:subfield>
</mxc:datafield>
<mxc:datafield tag="214" ind1=" " ind2="0">
<mxc:subfield code="a">Paris</mxc:subfield>
<mxc:subfield code="c">Sirey</mxc:subfield>
<mxc:subfield code="d">DL 2022</mxc:subfield>
</mxc:datafield>
<mxc:datafield tag="215" ind1=" " ind2=" ">
<mxc:subfield code="a">1 vol. (XV-747 p.)</mxc:subfield>
<mxc:subfield code="d">24 cm</mxc:subfield>
</mxc:datafield>
<mxc:datafield tag="225" ind1="|" ind2=" ">
<mxc:subfield code="a">Université S</mxc:subfield>
<mxc:subfield code="e">L</mxc:subfield>
<mxc:subfield code="i">Droit privé</mxc:subfield>
</mxc:datafield>
<mxc:datafield tag="300" ind1=" " ind2=" ">
<mxc:subfield code="a">Bibliogr. p. [XIII]-XV</mxc:subfield>
</mxc:datafield>
<mxc:datafield tag="410" ind1=" " ind2="0">
<mxc:subfield code="0">40108255</mxc:subfield>
<mxc:subfield code="t">Sirey université</mxc:subfield>
<mxc:subfield code="x">1778-6320</mxc:subfield>
<mxc:subfield code="d">2022</mxc:subfield>
</mxc:datafield>
<mxc:datafield tag="410" ind1=" " ind2="0">
<mxc:subfield code="0">40957219</mxc:subfield>
<mxc:subfield code="t">Sirey université. Série Droit privé</mxc:subfield>
<mxc:subfield code="x">1950-2532</mxc:subfield>
<mxc:subfield code="d">2022</mxc:subfield>
</mxc:datafield>
<mxc:datafield tag="606" ind1=" " ind2=" ">
<mxc:subfield code="3">13340915</mxc:subfield>
<mxc:subfield code="a">Droit des affaires</mxc:subfield>
<mxc:subfield code="3">11931476</mxc:subfield>
<mxc:subfield code="y">France</mxc:subfield>
<mxc:subfield code="2">rameau</mxc:subfield>
</mxc:datafield>
<mxc:datafield tag="608" ind1=" " ind2=" ">
<mxc:subfield code="3">12167353</mxc:subfield>
<mxc:subfield code="a">Manuels d'enseignement supérieur</mxc:subfield>
<mxc:subfield code="2">rameau</mxc:subfield>
</mxc:datafield>
<mxc:datafield tag="676" ind1=" " ind2=" ">
<mxc:subfield code="a">346.440 7</mxc:subfield>
<mxc:subfield code="v">23</mxc:subfield>
</mxc:datafield>
<mxc:datafield tag="700" ind1=" " ind2="|">
<mxc:subfield code="3">12095690</mxc:subfield>
<mxc:subfield code="o">ISNI000000011605663X</mxc:subfield>
<mxc:subfield code="a">Legeais</mxc:subfield>
<mxc:subfield code="b">Dominique</mxc:subfield>
<mxc:subfield code="f">1957-....</mxc:subfield>
<mxc:subfield code="4">070</mxc:subfield>
</mxc:datafield>
<mxc:datafield tag="801" ind1=" " ind2="0">
<mxc:subfield code="a">FR</mxc:subfield>
<mxc:subfield code="b">FR-751131015</mxc:subfield>
<mxc:subfield code="c">20220906</mxc:subfield>
<mxc:subfield code="g">AFNOR</mxc:subfield>
<mxc:subfield code="h">FRBNF470943490000005</mxc:subfield>
<mxc:subfield code="2">intermrc</mxc:subfield>
</mxc:datafield>
<mxc:datafield tag="930" ind1=" " ind2=" ">
<mxc:subfield code="5">FR-751131008:47094349001001</mxc:subfield>
<mxc:subfield code="a">346.440 7 LEGE d</mxc:subfield>
<mxc:subfield code="b">759999999</mxc:subfield>
<mxc:subfield code="c">Tolbiac - Haut de Jardin - Droit, économie, politique - Salle D - Libre accès</mxc:subfield>
<mxc:subfield code="d">N</mxc:subfield>
</mxc:datafield>
</mxc:record>      </srw:recordData>
<srw:recordIdentifier>ark:/12148/cb47094349f</srw:recordIdentifier>
<srw:recordPosition>4</srw:recordPosition>
<srw:extraRecordData>
<ixm:attr name="CreationDate">20220906</ixm:attr>
<ixm:attr name="LastModificationDate">20220921</ixm:attr>
<mn:score>5.359986</mn:score>
</srw:extraRecordData>
</srw:record>